@book{tom_mitchell,
	title     = "Machine Learning",
	author    = "Mitchell, Tom",
	year      = 1997,
	publisher = "McGraw-Hill Science/Engineering/Math",
	isbn      = "0070428077"
}
